<record><leader>00000cas a22000007a 4500</leader><controlfield tag="001">17415301</controlfield><controlfield tag="008">880201d19041914ohudn ne      0    0eng d</controlfield><datafield ind1=" " ind2=" " tag="010"><subfield code="a">sn 88078219 </subfield></datafield><datafield ind1=" " ind2=" " tag="040"><subfield code="a">ONP</subfield><subfield code="b">eng</subfield><subfield code="c">ONP</subfield><subfield code="d">OCLCQ</subfield></datafield><datafield ind1=" " ind2=" " tag="042"><subfield code="a">msc</subfield></datafield><datafield ind1="0" ind2="0" tag="245"><subfield code="a">Coshocton daily times.</subfield></datafield><datafield ind1=" " ind2=" " tag="260"><subfield code="a">Coshocton, Ohio :</subfield><subfield code="b">Democrat &amp; Standard Pub. Co.,</subfield><subfield code="c">-1914.</subfield></datafield><datafield ind1=" " ind2=" " tag="310"><subfield code="a">Daily (except Sun.)</subfield></datafield><datafield ind1="1" ind2=" " tag="362"><subfield code="a">Began in Apr. 1904.</subfield></datafield><datafield ind1="0" ind2=" " tag="362"><subfield code="a">-Mar. 14, 1914.</subfield></datafield><datafield ind1=" " ind2=" " tag="588"><subfield code="a">Description based on: New ser., vol. 3, no. 74 (July 7, 1906).</subfield></datafield><datafield ind1=" " ind2=" " tag="752"><subfield code="a">United States</subfield><subfield code="b">Ohio</subfield><subfield code="c">Coshocton</subfield><subfield code="d">Coshocton.</subfield></datafield><datafield ind1="0" ind2=" " tag="775"><subfield code="t">Coshocton weekly times</subfield><subfield code="w">(DLC)sn 88078222</subfield></datafield><datafield ind1="0" ind2="0" tag="780"><subfield code="t">Daily Democrat and standard</subfield></datafield><datafield ind1="0" ind2="7" tag="785"><subfield code="t">Coshocton daily age</subfield><subfield code="w">(DLC)sn 88078215</subfield></datafield><datafield ind1="0" ind2="7" tag="785"><subfield code="t">Coshocton times-age</subfield><subfield code="w">(DLC)sn 88078221</subfield></datafield></record>